
@article{dey2001understanding,
  title={Understanding and using context},
  author={Dey, Anind K},
  journal={Personal and ubiquitous computing},
  volume={5},
  number={1},
  pages={4--7},
  year={2001},
  publisher={Springer-Verlag}
}
@ARTICLE{adomavicius2011context,
  title={Context-aware recommender systems},
  author={Adomavicius, Gediminas and Tuzhilin, Alexander},
  booktitle={Recommender systems handbook},
  pages={217--253},
  year={2011},
  publisher={Springer}
}
@article{pan2006online,
  title={Online information search: vacation planning process},
  author={Pan, Bing and Fesenmaier, Daniel R},
  journal={Annals of Tourism Research},
  volume={33},
  number={3},
  pages={809--832},
  year={2006},
  publisher={Elsevier}
}
@article{auty1992consumer,
  title={Consumer choice and segmentation in the restaurant industry},
  author={Auty, Susan},
  journal={Service Industries Journal},
  volume={12},
  number={3},
  pages={324--339},
  year={1992},
  publisher={Taylor \& Francis}
}
@article{jack1997restaurant,
  title={Restaurant marketing: selection and segmentation in Hong Kong},
  author={Jack Kivela, Jaksa},
  journal={International Journal of Contemporary Hospitality Management},
  volume={9},
  number={3},
  pages={116--123},
  year={1997},
  publisher={MCB UP Ltd}
}
@article{zedeh1989knowledge,
  title={Knowledge representation in fuzzy logic},
  author={Zedeh, LA},
  journal={Knowledge and Data Engineering, IEEE Transactions on},
  volume={1},
  number={1},
  pages={89--100},
  year={1989},
  publisher={IEEE}
}
@incollection{garcia2009hybrid,
  title={A hybrid recommender system architecture for learning objects},
  author={Garc{\'\i}a-Valdez, Mario and Parra, Brunett},
  booktitle={Evolutionary Design of Intelligent Systems in Modeling, Simulation and Control},
  pages={205--211},
  year={2009},
  publisher={Springer}
}



@ARTICLE{ramirez2014post,
  title={Post-filtering for a restaurant context-aware recommender system},
  author={Ramirez-Garcia, Xochilt and Garc{\'\i}a-Valdez, Mario},
  booktitle={Recent Advances on Hybrid Approaches for Designing Intelligent Systems},
  pages={695--707},
  year={2014},
  publisher={Springer}
}


//////


@article{bulander2005enabling,
  title={Enabling personalized and context sensitive mobile advertising while guaranteeing data protection},
  author={Bulander, Rebecca and Decker, Michael and Kolmel, B and Schiefer, G},
  journal={Proceedings of EURO mGOV 2005},
  pages={445C454},
  year={2005}
}

@article{huq2010automated,
  title={Automated music emotion recognition: A systematic evaluation},
  author={Huq, Arefin and Bello, Juan Pablo and Rowe, Robert},
  journal={Journal of New Music Research},
  volume={39},
  number={3},
  pages={227--244},
  year={2010},
  publisher={Taylor \& Francis}
}


@inproceedings{baltrunas2011incarmusic,
  title={InCarMusic: Context-Aware Music Recommendations in a Car.},
  author={Baltrunas, Linas and Kaminskas, Marius and Ludwig, Bernd and Moling, Omar and Ricci, Francesco and Aydin, Aykan and L{\"u}ke, Karl-Heinz and Schwaiger, Roland},
  booktitle={EC-Web},
  volume={11},
  pages={89--100},
  year={2011},
  organization={Springer}
}


@inproceedings{schafer1999recommender,
  title={Recommender systems in e-commerce},
  author={Schafer, J Ben and Konstan, Joseph and Riedl, John},
  booktitle={Proceedings of the 1st ACM conference on Electronic commerce},
  pages={158--166},
  year={1999},
  organization={ACM}
}

@inproceedings{liu2011personalized,
  title={Personalized travel package recommendation},
  author={Liu, Qi and Ge, Yong and Li, Zhongmou and Chen, Enhong and Xiong, Hui},
  booktitle={Data Mining (ICDM), 2011 IEEE 11th International Conference on},
  pages={407--416},
  year={2011},
  organization={IEEE}
}

@article{liu2014cocktail,
  title={A cocktail approach for travel package recommendation},
  author={Liu, Qi and Chen, Enhong and Xiong, Hui and Ge, Yong and Li, Zhongmou and Wu, Xiang},
  journal={Knowledge and Data Engineering, IEEE Transactions on},
  volume={26},
  number={2},
  pages={278--293},
  year={2014},
  publisher={IEEE}
}

@article{eyjolfsdottir2010moviegen,
  title={Moviegen: A movie recommendation system},
  author={Eyjolfsdottir, Eyrun A and Tilak, Gaurangi and Li, Nan},
  journal={UC Santa Barbara: Technical Report},
  year={2010}
}

@book{albert2013measuring,
  title={Measuring the user experience: collecting, analyzing, and presenting usability metrics},
  author={Albert, William and Tullis, Thomas},
  year={2013},
  publisher={Newnes}
}


%STATE OF THE ART

@inproceedings{manca2014mining,
  title={Mining User Behavior in a Social Bookmarking System-A Delicious Friend Recommender System.},
  author={Manca, Matteo and Boratto, Ludovico and Carta, Salvatore},
  booktitle={DATA},
  pages={331--338},
  year={2014}
}

@inproceedings{castro2012prototype,
  title={Prototype of a tourism recommender system},
  author={Castro, Landro and Aciar, Silvana},
  booktitle={Informatica (CLEI), 2012 XXXVIII Conferencia Latinoamericana En},
  pages={1--7},
  year={2012},
  organization={IEEE}
}

@inproceedings{yao2012product,
  title={Product recommendation based on search keywords},
  author={Yao, Jiawei and Yao, Jiajun and Yang, Rui and Chen, Zhenyu},
  booktitle={Web Information Systems and Applications Conference (WISA), 2012 Ninth},
  pages={67--70},
  year={2012},
  organization={IEEE}
}

@inproceedings{golbeck2006filmtrust,
  title={Filmtrust: Movie recommendations using trust in web-based social networks},
  author={Golbeck, Jennifer and Hendler, James and others},
  booktitle={Proceedings of the IEEE Consumer communications and networking conference},
  volume={96},
  pages={282--286},
  year={2006},
  organization={Citeseer}
}

@inproceedings{martinez2009reja,
  title={Reja: A georeferenced hybrid recommender system for restaurants},
  author={Martinez, Luis and Rodriguez, Rosa M and Espinilla, Macarena},
  booktitle={Proceedings of the 2009 IEEE/WIC/ACM International Joint Conference on Web Intelligence and Intelligent Agent Technology-Volume 03},
  pages={187--190},
  year={2009},
  organization={IEEE Computer Society}
}

@inproceedings{burke1999integrating,
  title={Integrating knowledge-based and collaborative-filtering recommender systems},
  author={Burke, Robin},
  booktitle={Proceedings of the Workshop on AI and Electronic Commerce},
  pages={69--72},
  year={1999}
}

@article{balabanovic1997fab,
  title={Fab: content-based, collaborative recommendation},
  author={Balabanovi{\'c}, Marko and Shoham, Yoav},
  journal={Communications of the ACM},
  volume={40},
  number={3},
  pages={66--72},
  year={1997},
  publisher={ACM}
}

@inproceedings{claypool1999combining,
  title={Combining content-based and collaborative filters in an online newspaper},
  author={Claypool, Mark and Gokhale, Anuja and Miranda, Tim and Murnikov, Pavel and Netes, Dmitry and Sartin, Matthew},
  booktitle={Proceedings of ACM SIGIR workshop on recommender systems},
  volume={60},
  year={1999},
  organization={Citeseer}
}

@article{pazzani1999framework,
  title={A framework for collaborative, content-based and demographic filtering},
  author={Pazzani, Michael J},
  journal={Artificial Intelligence Review},
  volume={13},
  number={5-6},
  pages={393--408},
  year={1999},
  publisher={Springer}
}

@inproceedings{tran2000hybrid,
  title={Hybrid recommender systems for electronic commerce},
  author={Tran, Thomas and Cohen, Robin},
  booktitle={Proc. Knowledge-Based Electronic Markets, Papers from the AAAI Workshop, Technical Report WS-00-04, AAAI Press},
  year={2000}
}


@article{al1999semantic,
  title={Semantic modeling and knowledge representation in multimedia databases},
  author={Al-Khatib, Wasfi and Day, Y Francis and Ghafoor, Arif and Berra, P Bruce},
  journal={Knowledge and Data Engineering, IEEE Transactions on},
  volume={11},
  number={1},
  pages={64--80},
  year={1999},
  publisher={IEEE}
}

@incollection{bazire2005understanding,
  title={Understanding context before using it},
  author={Bazire, Mary and Br{\'e}zillon, Patrick},
  booktitle={Modeling and using context},
  pages={29--40},
  year={2005},
  publisher={Springer}
}


@article{fischer2012context,
  title={Context-Aware systems-the ʻrightʼ information, at the ʻrightʼ time, in the ʻrightʼ place, in the ʻrightʼ way, to the ʻrightʼ person},
  author={Fischer, Gerhard},
  journal={AVI ‘12, Capri Island, Italy},
  year={2012}
}


@article{baltrunas2012context,
  title={Context relevance assessment and exploitation in mobile recommender systems},
  author={Baltrunas, Linas and Ludwig, Bernd and Peer, Stefan and Ricci, Francesco},
  journal={Personal and Ubiquitous Computing},
  volume={16},
  number={5},
  pages={507--526},
  year={2012},
  publisher={Springer-Verlag}
}

@book{savage2012m,
  title={I’m feeling loco: A location based context aware recommendation system},
  author={Savage, Norma Saiph and Baranski, Maciej and Chavez, Norma Elva and H{\"o}llerer, Tobias},
  year={2012},
  publisher={Springer}
}

@article{ortigosa2010entornos,
  title={ENTORNOS DE APRENDIZAJE M{\'O}VILES ADAPTATIVOS Y EVALUACI{\'O}N: COMOLE Y GESES (ADAPTIVE MOBILE LEARNING ENVIRONMENTS AND EVALUATION: COMOLE AND GESES)},
  author={Ortigosa, Alvaro and Bravo, Javier and Carro, Rosa M and Mart{\'\i}n, Estefan{\'\i}a},
  journal={Revista Iberoamericana de Educaci{\'o}n a Distancia},
  volume={13},
  number={2},
  pages={167},
  year={2010},
  publisher={Universidad Nacional de Educacion a Distancia (UNED)}
}


@inproceedings{schafer1999recommender,
  title={Recommender systems in e-commerce},
  author={Schafer, J Ben and Konstan, Joseph and Riedl, John},
  booktitle={Proceedings of the 1st ACM conference on Electronic commerce},
  pages={158--166},
  year={1999},
  organization={ACM}
}

@inproceedings{chu2013chinese,
  title={A Chinese restaurant recommendation system based on mobile context-aware services},
  author={Chu, Chung-Hua and Wu, Se-Hsien},
  booktitle={Mobile Data Management (MDM), 2013 IEEE 14th International Conference on},
  volume={2},
  pages={116--118},
  year={2013},
  organization={IEEE}
}


@inproceedings{ricci2012context,
  title={Context-aware music recommender systems: workshop keynote abstract},
  author={Ricci, Francesco},
  booktitle={Proceedings of the 21st international conference companion on World Wide Web},
  pages={865--866},
  year={2012},
  organization={ACM}
}


@inproceedings{baltrunas2011context,
  title={Context-aware places of interest recommendations and explanations},
  author={Baltrunas, Linas and Ludwig, Bernd and Peer, Stefan and Ricci, Francesco},
  booktitle={Joint Proceedings of the Workshop on Decision Making and Recommendation Acceptance Issues in Recommender Systems (DEMRA 2011) and the 2nd Workshop on User Models for Motivational Systems: The Affective and the Rational Routes to Persuasion (UMMS 2011). CEUR Workshop Proceedings},
  volume={740},
  pages={19--26},
  year={2011}
}

@incollection{barranco2012context,
  title={A context-aware mobile recommender system based on location and trajectory},
  author={Barranco, Manuel J and Noguera, Jos{\'e} M and Castro, Jorge and Mart{\'\i}nez, Luis},
  booktitle={Management intelligent systems},
  pages={153--162},
  year={2012},
  publisher={Springer}
}

@article{noguera2012mobile,
  title={A mobile 3D-GIS hybrid recommender system for tourism},
  author={Noguera, Jos{\'e} M and Barranco, Manuel J and Segura, Rafael J and Mart{\'\i}nez, Luis},
  journal={Information Sciences},
  volume={215},
  pages={37--52},
  year={2012},
  publisher={Elsevier}
}

%Recommender systems book and handbook
@book{jannach2010recommender,
  title={Recommender systems: an introduction},
  author={Jannach, Dietmar and Zanker, Markus and Felfernig, Alexander and Friedrich, Gerhard},
  year={2010},
  publisher={Cambridge University Press}
}

@book{ricci2011introduction,
  title={Introduction to recommender systems handbook},
  author={Ricci, Francesco and Rokach, Lior and Shapira, Bracha},
  year={2011},
  publisher={Springer}
}

@article{resnick1997recommender,
  title={Recommender systems},
  author={Resnick, Paul and Varian, Hal R},
  journal={Communications of the ACM},
  volume={40},
  number={3},
  pages={56--58},
  year={1997},
  publisher={ACM}
}

@inproceedings{mahmood2009improving,
  title={Improving recommender systems with adaptive conversational strategies},
  author={Mahmood, Tariq and Ricci, Francesco},
  booktitle={Proceedings of the 20th ACM conference on Hypertext and hypermedia},
  pages={73--82},
  year={2009},
  organization={ACM}
}

@inproceedings{mcsherry2009differentially,
  title={Differentially private recommender systems: building privacy into the net},
  author={McSherry, Frank and Mironov, Ilya},
  booktitle={Proceedings of the 15th ACM SIGKDD international conference on Knowledge discovery and data mining},
  pages={627--636},
  year={2009},
  organization={ACM}
}

@article{lewis1981restaurant,
  title={Restaurant Advertising-Appeals and Consumers Intentions},
  author={Lewis, Robert C},
  journal={Journal of advertising research},
  volume={21},
  number={5},
  pages={69--74},
  year={1981},
  publisher={ADVERTISING RES FOUNDATION 641 LEXINGTON AVE, NEW YORK, NY 10022}
}

@article{jang2009perceived,
  title={Perceived quality, emotions, and behavioral intentions: Application of an extended Mehrabian--Russell model to restaurants},
  author={Jang, SooCheong Shawn and Namkung, Young},
  journal={Journal of Business Research},
  volume={62},
  number={4},
  pages={451--460},
  year={2009},
  publisher={Elsevier}
}

@article{cena2006integrating,
  title={Integrating heterogeneous adaptation techniques to build a flexible and usable mobile tourist guide},
  author={Cena, Federica and Console, Luca and Gena, Cristina and Goy, Anna and Levi, Guido and Modeo, Sonia and Torre, Ilaria},
  journal={AI Communications},
  volume={19},
  number={4},
  pages={369--384},
  year={2006},
  publisher={IOS Press}
}

@inproceedings{bulander2005comparison,
  title={Comparison of different approaches for mobile advertising},
  author={Bulander, Rebecca and Decker, Michael and Schiefer, Gunther and K{\"o}lmel, Bernhard},
  booktitle={Mobile Commerce and Services, 2005. WMCS'05. The Second IEEE International Workshop on},
  pages={174--182},
  year={2005},
  organization={IEEE}
}

@inproceedings{schifanella2008mobhinter,
  title={Mobhinter: epidemic collaborative filtering and self-organization in mobile ad-hoc networks},
  author={Schifanella, Rossano and Panisson, Andr{\'e} and Gena, Cristina and Ruffo, Giancarlo},
  booktitle={Proceedings of the 2008 ACM conference on Recommender systems},
  pages={27--34},
  year={2008},
  organization={ACM}
}


